@article{blok10, 
    author={Blok, W. J. G. De}, 
    title={The Core-Cusp Problem}, 
    volume={2010},
    DOI={10.1155/2010/789293}, 
    journal={Advances in Astronomy}, 
    year={2010},
    pages={1–14}
}



@article{boylan11, 
    author={Boylan-Kolchin, Michael and Bullock, James S. and Kaplinghat, Manoj}, 
    title={Too big to fail? The puzzling darkness of massive Milky Way subhaloes}, 
    volume={415}, 
    DOI={10.1111/j.1745-3933.2011.01074.x}, 
    number={1}, 
    journal={Monthly Notices of the Royal Astronomical Society: Letters}, 
    year={2011},
    month={Mar}
}


@article{marel12, 
    author={Marel, Roeland P. Van Der and Besla, Gurtina and Cox, T. J. and Sohn, Sangmo Tony and Anderson, Jay},
    title={The M31 Velocity Vector. Iii. Future Milky Way M31–M33 Orbital Evolution, Merging, And Fate Of The Sun},
    volume={753},
    journal = {\apj},
    DOI={10.1088/0004-637x/753/1/9}, 
    number={1}, journal={The Astrophysical Journal},
    year={2012}, 
    month={Aug}, 
    pages={9}}
    
}

@article{Hernquist,
    author={Hernquist, L},
    title={hernquist analytical 1990},
    volume={356},
    journal = {\apj},
    DOI ={10.1086/168845},
    year={1990},

}